% Encoding: UTF-8

@Article{McNaughton_2010,
  author    = {Blake McNaughton and Pradeep Ray and Lundy Lewis},
  title     = {Designing an evaluation framework for {IT} service management},
  journal   = {Information {\&} Management},
  year      = {2010},
  volume    = {47},
  number    = {4},
  pages     = {219--225},
  month     = {may},
  doi       = {https://doi.org/10.1016/j.im.2010.02.003},
  publisher = {Elsevier {BV}},
}

@Article{Cater-Steel2006,
  author  = {Cater-Steel, Aileen and Toleman, Mark and Tan, Wui-Gee},
  title   = {Transforming IT service management- The ITIL impact},
  journal = {ACIS 2006 Proceedings - 17th Australasian Conference on Information Systems},
  year    = {2006},
  month   = {01},
}

@Comment{jabref-meta: databaseType:bibtex;}
